<?xml version="1.0" encoding="UTF-8"?><collection xmlns="http://www.loc.gov/MARC21/slim"><record><leader>00420nam--2200121-i-4500</leader><controlfield tag="001">000004263</controlfield><controlfield tag="002">20161230</controlfield><controlfield tag="005">20161230201025</controlfield><controlfield tag="008">060222s1000------------r-----000-0-eng-d</controlfield><datafield ind1=" " ind2=" " tag="080"><subfield code="a">696</subfield></datafield><datafield ind1=" " ind2=" " tag="245"><subfield code="a">Catalog de psreturi unitare pe articole de dev iz pentru lucrari de instalatii de ascensoare aferente constructiilor. a-1959</subfield></datafield><datafield ind1=" " ind2=" " tag="260"><subfield code="a">Bucuresti, Inst.De Cercetari Stiintifice Pentr U Constructii, 1958. 42 P</subfield></datafield><datafield ind1=" " ind2=" " tag="852"><subfield code="a">5326</subfield></datafield></record></collection>